<record><leader>00000cas a22000007a 4500</leader><controlfield tag="001">13460418</controlfield><controlfield tag="008">860421d19551958nvuwr ne      0    0eng d</controlfield><datafield ind1=" " ind2=" " tag="010"><subfield code="a">sn 86076038 </subfield></datafield><datafield ind1=" " ind2=" " tag="040"><subfield code="a">NNX</subfield><subfield code="b">eng</subfield><subfield code="c">NNX</subfield><subfield code="d">OCLCQ</subfield></datafield><datafield ind1=" " ind2=" " tag="042"><subfield code="a">msc</subfield></datafield><datafield ind1="0" ind2="4" tag="245"><subfield code="a">The Independent of Washoe County.</subfield></datafield><datafield ind1=" " ind2=" " tag="260"><subfield code="a">Reno, Nev. :</subfield><subfield code="b">Independent Inc.,</subfield><subfield code="c">-1958.</subfield></datafield><datafield ind1="0" ind2=" " tag="362"><subfield code="a">-v. 4, no. 1 (Jan. 6, 1958).</subfield></datafield><datafield ind1="1" ind2=" " tag="362"><subfield code="a">Began in 1955.</subfield><subfield code="z">Cf. Lingenfelter, R. Newspapers of Nev., 1854-1979.</subfield></datafield><datafield ind1=" " ind2=" " tag="530"><subfield code="a">Microfilm available from Recordak.</subfield></datafield><datafield ind1=" " ind2=" " tag="588"><subfield code="a">Description based on: Vol. 2, no. 8 (Feb. 27, 1956).</subfield></datafield><datafield ind1=" " ind2=" " tag="752"><subfield code="a">United States</subfield><subfield code="b">Nevada</subfield><subfield code="c">Washoe</subfield><subfield code="d">Reno.</subfield></datafield><datafield ind1="0" ind2="0" tag="785"><subfield code="t">Independent of Reno, Sparks, Washoe County</subfield><subfield code="w">(DLC)sn 86076039</subfield><subfield code="w">(OCoLC)13460397</subfield></datafield><datafield ind1="1" ind2=" " tag="029"><subfield code="a">AU@</subfield><subfield code="b">000023468147</subfield></datafield></record>